@incollection{abramsky1994domain,
  author={Abramsky, Samson and Jung, Achim},
  title={Domain Theory},
  year={1994},
  booktitle={Handbook of Logic in Computer Science},
  volume={3},
  publisher={Clarendon Press},
  pages={1--168},
  editor={Abramsky, Samson and Gabbay, Dov M. and Maibaum, Tom S. E.},
}

@article{ambos-spies2000weakly,
  author={Ambos-Spies, Klaus and Weihrauch, Klaus and Zheng, Xizhong},
  title={Weakly Computable Real Numbers},
  year={2000},
  journal={Journal of Complexity},
  volume={16},
  number={4},
  pages={676--690},
}

@incollection{arslanov1997degree,
  author={Arslanov, Marat},
  title={Degree Structures in Local Degree Theory},
  year={1997},
  booktitle={Complexity, Logic, and Recursion Theory},
  publisher={CRC Press},
  pages={49--74},
  editor={Sorbi, Andrea},
}

@book{downey1999parameterized,
  author={Downey, Rodney G. and Fellows, Michael R.},
  title={Parameterized Complexity},
  year={1999},
  publisher={Springer Science \& Business Media}
}

@book{downey2010algorithmic,
  author={Downey, Rodney G. and Hirschfeldt, Denis R.},
  title={Algorithmic Randomness and Complexity},
  year={2010},
  publisher={Springer Science \& Business Media}
}

@incollection{epstein1981hierarchies,
  author={Epstein, Richard L. and Haas, Richard and Kramer, Richard L.},
  title={Hierarchies of Sets and Degrees Below $\emptyset^\prime$},
  year={1981},
  booktitle={Logic Year 1979--80},
  publisher={Springer},
  pages={32--48},
  editor={Lerman, Manuel and Schmerl, James H. and Soare, Robert I.},
}

@article{ershov1968hierarchyi,
  author={Ershov, Yurii L.},
  title={A Hierarchy of Sets, {I}},
  year={1968},
  journal={Algebra and Logic},
  volume={7},
  number={1},
  pages={25--43},
}

@article{ershov1968hierarchyii,
  author={Ershov, Yurii L.},
  title={On a Hierarchy of Sets, {II}},
  year={1968},
  journal={Algebra and Logic},
  volume={7},
  number={4},
  pages={212--232},
}

@book{flum2006parameterized,
  author={Flum, J{\"o}rg and Grohe, Martin},
  title={Parameterized Complexity Theory},
  year={2006},
  publisher={Springer Science \& Business Media}
}

@article{gold1965limiting,
  author={Gold, Mark E.},
  title={Limiting Recursion},
  year={1965},
  journal={The Journal of Symbolic Logic},
  volume={30},
  number={1},
  pages={28--48},
}

@article{goldsmith1993note,
  author={Goldsmith, Judy and Joseph, Deborah and Young, Paul},
  title={A Note on Bi-immunity and \slp-Closeness of \slp-Cheatable Sets in \cladv{P}{poly}},
  year={1993},
  journal={Journal of Computer and System Sciences},
  volume={46},
  number={3},
  pages={349--362},
}

@article{jockusch1968semirecursive,
  author={Jockusch, Carl G.},
  title={Semirecursive Sets and Positive Reducibility},
  year={1968},
  journal={Transactions of the American Mathematical Society},
  volume={131},
  number={2},
  pages={420--436},
}

@book{kleene1967mathematical,
  author={Kleene, Stephen Cole},
  title={Mathematical Logic},
  year={2002},
  publisher={Dover Publications},
  note={Reprint of the John Wiley \& Sons 1967 edition}
}

@book{niedermeier2006invitation,
  author={Niedermeier, Rolf},
  title={Invitation to Fixed-Parameter Algorithms},
  year={2006},
  publisher={Oxford University Press}
}

@book{odifreddi1992classical,
  author={Odifreddi, Piergiorgio},
  title={Classical Recursion Theory},
  year={1992},
  publisher={Elsevier}
}

@inproceedings{post1948degrees,
  author={Post, Emil L.},
  title={Degrees of Recursive Unsolvability},
  year={1948},
  booktitle={Bulletin of the American Mathematical Society},
  volume={54},
  number={7},
  pages={641--642},
}

@article{putnam1965trial,
  author={Putnam, Hilary},
  title={Trial and Error Predicates and the Solution to a Problem of {M}ostowski},
  year={1965},
  journal={The Journal of Symbolic Logic},
  volume={30},
  number={1},
  pages={49--57},
}

@book{rogers1967theory,
  author={Rogers, Hartley},
  title={Theory of Recursive Functions and Effective Computability},
  year={1967},
  volume={5},
  publisher={McGraw-Hill}
}

@article{selman1979p-selective,
  author={Selman, Alan L.},
  title={\cl{P}-Selective Sets, Tally Languages, and the Behavior of Polynomial Time Reducibilities on \cl{NP}},
  year={1979},
  journal={Mathematical Systems Theory},
  volume={13},
  number={1},
  pages={55-65},
}

@article{shoenfield1959degrees,
  author={Shoenfield, Joseph R.},
  title={On Degrees of Unsolvability},
  year={1959},
  journal={Annals of Mathematics},
  pages={644--653},
}
